@misc{gelma_protocol,
  author    = {Foldink},
  title     = {GelMA Preparation and Bioprinting Protocol},
  year      = {n.d.},
  url       = {https://foldink.bio/assets/GM-240-Bioprinting-Protocol-28189d21.pdf}
}

@article{adhikari2021photoinduced,
  author  = {Adhikari, Bikram and Stinson, Benjamin S. and Osmond, Matthew J. and Evans, Kristyn S. and Krebs, Melissa D.},
  title   = {Photoinduced Gelatin-Methacrylate Scaffolds to Examine the Impact of Extracellular Environment on Trabecular Meshwork Cells},
  journal = {Industrial \& Engineering Chemistry Research},
  volume  = {60},
  number  = {47},
  pages   = {17128--17137},
  year    = {2021},
  month   = nov,
  doi     = {10.1021/acs.iecr.1c02828},
  url     = {https://doi.org/10.1021/acs.iecr.1c02828}
}

@article{brikov_2016,
  author  = {Brikov, A.V. and Markin, A.N. and Sukhoverkhov, S.V. and Avramenko, V.A.},
  title   = {Rheological properties of poly(ethylene glycol) solutions and gels},
  journal = {Doklady Physical Chemistry},
  volume  = {469},
  number  = {2},
  pages   = {121--123},
  year    = {2016},
  doi     = {10.1134/s0012501616080030}
}

@article{dutta_2017,
  author  = {Dutta, R.C. and Dey, M. and Dutta, A.K. and Basu, B.},
  title   = {Competent processing techniques for scaffolds in tissue engineering},
  journal = {Biotechnology Advances},
  volume  = {35},
  number  = {2},
  pages   = {240--250},
  year    = {2017},
  doi     = {10.1016/j.biotechadv.2017.01.001}
}

@article{gregory_2022,
  author  = {Gregory, T. and Benhal, P. and Scutte, A. and Quashie, D. and Harrison, K. and Cargill, C. and Grandison, S. and Savitsky, M.J. and Ramakrishnan, S. and Ali, J.},
  title   = {Rheological characterization of cell-laden alginate-gelatin hydrogels for 3D biofabrication},
  journal = {Journal of the Mechanical Behavior of Biomedical Materials},
  volume  = {136},
  pages   = {105474},
  year    = {2022},
  doi     = {10.1016/j.jmbbm.2022.105474}
}

@manual{cellink_gelma_2020,
  title        = {GelMA Lyophilizate Specification Sheet},
  author       = {CELLINK},
  organization = {CELLINK},
  year         = {2020},
  month        = oct,
  note         = {Version 5, Ref No: SPS-VL350000. Approved by MG, VK},
  url          = {https://www.cellink.com/wp-content/uploads/2022/03/Specification-Sheet-GelMA-Lyophilizate\_2-Oct-2020.pdf}
}

@incollection{merceron_2015,
  author    = {Merceron, T.K. and Murphy, S.V.},
  title     = {Hydrogels for 3D Bioprinting Applications},
  booktitle = {3D Bioprinting and Nanotechnology in Tissue Engineering and Regenerative Medicine},
  pages     = {249--270},
  year      = {2015},
  publisher = {Elsevier},
  doi       = {10.1016/b978-0-12-800972-7.00014-1}
}

@article{obrien_2011,
  author  = {O'Brien, F.J.},
  title   = {Biomaterials \& scaffolds for tissue engineering},
  journal = {Materials Today},
  volume  = {14},
  number  = {3},
  pages   = {88--95},
  year    = {2011},
  doi     = {10.1016/s1369-7021(11)70058-x}
}

@article{olson_2011,
  author  = {Olson, J.L. and Atala, A. and Yoo, J.J.},
  title   = {Tissue Engineering: Current Strategies and Future Directions},
  journal = {Chonnam Medical Journal},
  volume  = {47},
  number  = {1},
  pages   = {1--13},
  year    = {2011},
  doi     = {10.4068/cmj.2011.47.1.1}
}

@article{peppas_2000,
  author  = {Peppas, N. and Bures, P. and Leobandung, W. and Ichikawa, H.},
  title   = {Hydrogels in pharmaceutical formulations},
  journal = {European Journal of Pharmaceutics and Biopharmaceutics},
  volume  = {50},
  number  = {1},
  pages   = {27--46},
  year    = {2000},
  doi     = {10.1016/s0939-6411(00)00090-4}
}

@misc{biox_brochure,
  author = {CELLINK},
  title  = {The BIO X Series: Defining the Standard in Bioprinting},
  year   = {2025},
  note   = {Accessed: 2025-06-02},
  url    = {https://www.cellink.com/wp-content/uploads/2025/05/BIO-X-Series-Brochure\_31.03.25\_DIGITAL.pdf}
}

@book{skalak_1988,
  author    = {Skalak, R. and Fox, C.F.},
  title     = {Tissue Engineering},
  publisher = {Alan R. Liss},
  year      = {1988}
}

@book{saltzman_2004,
  author    = {Saltzman, W. Mark},
  title     = {Tissue Engineering: Engineering Principles for the Design of Replacement Organs and Tissues},
  publisher = {Oxford University Press},
  year      = {2004},
  pages     = {6--8},
  address   = {Oxford ; New York}
}

@article{mapx2004,
  author  = {Ma, P.X.},
  title   = {Scaffolds for tissue fabrication},
  journal = {Materials Today},
  volume  = {7},
  number  = {5},
  pages   = {30--40},
  year    = {2004},
  doi     = {10.1016/s1369-7021(04)00233-0}
}

@article{liwu2020,
  author  = {Li, J. and Wu, C. and Chu, P.K. and Gelinsky, M.},
  title   = {3D printing of hydrogels: Rational design strategies and emerging biomedical applications},
  journal = {Materials Science and Engineering: R: Reports},
  volume  = {140},
  pages   = {100543},
  year    = {2020},
  doi     = {10.1016/j.mser.2020.100543}
}
